<record><leader>00000cas a22000007a 4500</leader><controlfield tag="001">15641696</controlfield><controlfield tag="008">870506d18761878wiudn ne      0    0ger d</controlfield><datafield ind1=" " ind2=" " tag="010"><subfield code="a">sn 87082469 </subfield></datafield><datafield ind1=" " ind2=" " tag="040"><subfield code="a">NPV</subfield><subfield code="b">eng</subfield><subfield code="c">NPV</subfield><subfield code="d">OCLCQ</subfield></datafield><datafield ind1=" " ind2=" " tag="042"><subfield code="a">msc</subfield></datafield><datafield ind1="0" ind2="0" tag="245"><subfield code="a">Milwaukee'r Socialist.</subfield></datafield><datafield ind1="3" ind2="0" tag="246"><subfield code="a">Ta&#776;glicher Socialist</subfield></datafield><datafield ind1="1" ind2="3" tag="246"><subfield code="a">Socialist</subfield></datafield><datafield ind1=" " ind2=" " tag="260"><subfield code="a">Milwaukee, Wis. :</subfield><subfield code="b">Socialist Print. Co.,</subfield><subfield code="c">1876-</subfield></datafield><datafield ind1=" " ind2=" " tag="300"><subfield code="a">v.</subfield></datafield><datafield ind1=" " ind2=" " tag="310"><subfield code="a">Daily (except Sunday)</subfield></datafield><datafield ind1="0" ind2=" " tag="362"><subfield code="a">Jahrg. 1, no. 300 (1. Nov. 1876)-</subfield></datafield><datafield ind1="1" ind2=" " tag="362"><subfield code="a">Ceased with Aug. 14, 1878 issue?</subfield></datafield><datafield ind1=" " ind2=" " tag="580"><subfield code="a">Issued also in a Sunday ed. called: Milwaukeer Leuchtkugeln.</subfield></datafield><datafield ind1="1" ind2=" " tag="775"><subfield code="t">Milwaukeer Leuchtkugeln</subfield></datafield><datafield ind1="0" ind2="0" tag="780"><subfield code="t">Socialist (Milwaukee, Wis.)</subfield><subfield code="w">(DLC)sn 87052271</subfield></datafield><datafield ind1="0" ind2="0" tag="785"><subfield code="t">Vorwa&#776;rts (Milwaukee, Wis. : 1878 : Daily)</subfield><subfield code="w">(DLC)sn 87082468</subfield></datafield></record>